@article{deMeutter2022uncertainty,
title={Uncertainty quantification of atmospheric transport and dispersion modelling using ensembles for CTBT verification applications},
author={De Meutter, Pieter and Delcloo, Andy W},
journal={Journal of Environmental Radioactivity},
volume={250},
pages={106918},
year={2022},
publisher={Elsevier}
}
@book{Golub2013,
	address = {Baltimore},
	title = {Matrix computations},
	volume = {3},
	publisher = {JHU press},
	author = {Golub, Gene H and Van Loan, Charles F},
	year = {2013},
}
@book{Nocedal2006,
	address = {New York},
	title = {Numerical {Optimization}},
	isbn = {978-0-387-30303-1},
	publisher = {Springer New York},
	author = {Nocedal, Jorge and Wright, Stephen J.},
	year = {2006},
	note = {Series Title: Springer Series in Operations Research and Financial Engineering
Publication Title: Numerical Optimization},
	edition = {2},
}